%YAML 1.1
%TAG !u! tag:unity3d.com,2011:
--- !u!1 &1544722648807036909
GameObject:
  m_ObjectHideFlags: 0
  m_CorrespondingSourceObject: {fileID: 0}
  m_PrefabInstance: {fileID: 0}
  m_PrefabAsset: {fileID: 0}
  serializedVersion: 6
  m_Component:
  - component: {fileID: 1544722648807036908}
  - component: {fileID: 1544722648807036905}
  - component: {fileID: 1544722648807036906}
  - component: {fileID: 1544722648807036907}
  - component: {fileID: 1544722648807036904}
  m_Layer: 5
  m_Name: Button
  m_TagString: Untagged
  m_Icon: {fileID: 0}
  m_NavMeshLayer: 0
  m_StaticEditorFlags: 0
  m_IsActive: 1
--- !u!224 &1544722648807036908
RectTransform:
  m_ObjectHideFlags: 0
  m_CorrespondingSourceObject: {fileID: 0}
  m_PrefabInstance: {fileID: 0}
  m_PrefabAsset: {fileID: 0}
  m_GameObject: {fileID: 1544722648807036909}
  m_LocalRotation: {x: -0, y: -0, z: -0, w: 1}
  m_LocalPosition: {x: 0, y: 0, z: 0}
  m_LocalScale: {x: 1, y: 1, z: 1}
  m_ConstrainProportionsScale: 0
  m_Children:
  - {fileID: 1544722649011911382}
  m_Father: {fileID: 1544722649437113602}
  m_RootOrder: 1
  m_LocalEulerAnglesHint: {x: 0, y: 0, z: 0}
  m_AnchorMin: {x: 0, y: 0}
  m_AnchorMax: {x: 1, y: 1}
  m_AnchoredPosition: {x: 0, y: 0}
  m_SizeDelta: {x: 0, y: 0}
  m_Pivot: {x: 0.5, y: 0.5}
--- !u!222 &1544722648807036905
CanvasRenderer:
  m_ObjectHideFlags: 0
  m_CorrespondingSourceObject: {fileID: 0}
  m_PrefabInstance: {fileID: 0}
  m_PrefabAsset: {fileID: 0}
  m_GameObject: {fileID: 1544722648807036909}
  m_CullTransparentMesh: 1
--- !u!114 &1544722648807036906
MonoBehaviour:
  m_ObjectHideFlags: 0
  m_CorrespondingSourceObject: {fileID: 0}
  m_PrefabInstance: {fileID: 0}
  m_PrefabAsset: {fileID: 0}
  m_GameObject: {fileID: 1544722648807036909}
  m_Enabled: 0
  m_EditorHideFlags: 0
  m_Script: {fileID: 11500000, guid: fe87c0e1cc204ed48ad3b37840f39efc, type: 3}
  m_Name: 
  m_EditorClassIdentifier: 
  m_Material: {fileID: 0}
  m_Color: {r: 1, g: 1, b: 1, a: 0}
  m_RaycastTarget: 1
  m_RaycastPadding: {x: 0, y: 0, z: 0, w: 0}
  m_Maskable: 1
  m_OnCullStateChanged:
    m_PersistentCalls:
      m_Calls: []
  m_Sprite: {fileID: 0}
  m_Type: 1
  m_PreserveAspect: 0
  m_FillCenter: 1
  m_FillMethod: 4
  m_FillAmount: 1
  m_FillClockwise: 1
  m_FillOrigin: 0
  m_UseSpriteMesh: 0
  m_PixelsPerUnitMultiplier: 1
--- !u!114 &1544722648807036907
MonoBehaviour:
  m_ObjectHideFlags: 0
  m_CorrespondingSourceObject: {fileID: 0}
  m_PrefabInstance: {fileID: 0}
  m_PrefabAsset: {fileID: 0}
  m_GameObject: {fileID: 1544722648807036909}
  m_Enabled: 1
  m_EditorHideFlags: 0
  m_Script: {fileID: 11500000, guid: 4e29b1a8efbd4b44bb3f3716e73f07ff, type: 3}
  m_Name: 
  m_EditorClassIdentifier: 
  m_Navigation:
    m_Mode: 3
    m_WrapAround: 0
    m_SelectOnUp: {fileID: 0}
    m_SelectOnDown: {fileID: 0}
    m_SelectOnLeft: {fileID: 0}
    m_SelectOnRight: {fileID: 0}
  m_Transition: 1
  m_Colors:
    m_NormalColor: {r: 1, g: 1, b: 1, a: 1}
    m_HighlightedColor: {r: 0.9607843, g: 0.9607843, b: 0.9607843, a: 1}
    m_PressedColor: {r: 0.78431374, g: 0.78431374, b: 0.78431374, a: 1}
    m_SelectedColor: {r: 0.9607843, g: 0.9607843, b: 0.9607843, a: 1}
    m_DisabledColor: {r: 0.78431374, g: 0.78431374, b: 0.78431374, a: 0.5019608}
    m_ColorMultiplier: 1
    m_FadeDuration: 0.1
  m_SpriteState:
    m_HighlightedSprite: {fileID: 0}
    m_PressedSprite: {fileID: 0}
    m_SelectedSprite: {fileID: 0}
    m_DisabledSprite: {fileID: 0}
  m_AnimationTriggers:
    m_NormalTrigger: Normal
    m_HighlightedTrigger: Highlighted
    m_PressedTrigger: Pressed
    m_SelectedTrigger: Selected
    m_DisabledTrigger: Disabled
  m_Interactable: 1
  m_TargetGraphic: {fileID: 1544722648807036906}
  m_OnClick:
    m_PersistentCalls:
      m_Calls: []
--- !u!114 &1544722648807036904
MonoBehaviour:
  m_ObjectHideFlags: 0
  m_CorrespondingSourceObject: {fileID: 0}
  m_PrefabInstance: {fileID: 0}
  m_PrefabAsset: {fileID: 0}
  m_GameObject: {fileID: 1544722648807036909}
  m_Enabled: 1
  m_EditorHideFlags: 0
  m_Script: {fileID: 11500000, guid: adb30198aa32dd140b5750692dd48104, type: 3}
  m_Name: 
  m_EditorClassIdentifier: 
  radius: 100
  image: {fileID: 1544722648807036906}
--- !u!1 &1544722649011911383
GameObject:
  m_ObjectHideFlags: 0
  m_CorrespondingSourceObject: {fileID: 0}
  m_PrefabInstance: {fileID: 0}
  m_PrefabAsset: {fileID: 0}
  serializedVersion: 6
  m_Component:
  - component: {fileID: 1544722649011911382}
  - component: {fileID: 1544722649011911380}
  - component: {fileID: 1544722649011911381}
  m_Layer: 5
  m_Name: Text (TMP)
  m_TagString: Untagged
  m_Icon: {fileID: 0}
  m_NavMeshLayer: 0
  m_StaticEditorFlags: 0
  m_IsActive: 1
--- !u!224 &1544722649011911382
RectTransform:
  m_ObjectHideFlags: 0
  m_CorrespondingSourceObject: {fileID: 0}
  m_PrefabInstance: {fileID: 0}
  m_PrefabAsset: {fileID: 0}
  m_GameObject: {fileID: 1544722649011911383}
  m_LocalRotation: {x: 0, y: 0, z: 0, w: 1}
  m_LocalPosition: {x: 0, y: 0, z: 0}
  m_LocalScale: {x: 1, y: 1, z: 1}
  m_ConstrainProportionsScale: 0
  m_Children: []
  m_Father: {fileID: 1544722648807036908}
  m_RootOrder: 0
  m_LocalEulerAnglesHint: {x: 0, y: 0, z: 0}
  m_AnchorMin: {x: 0, y: 0}
  m_AnchorMax: {x: 1, y: 1}
  m_AnchoredPosition: {x: 0, y: 0}
  m_SizeDelta: {x: 0, y: 0}
  m_Pivot: {x: 0.5, y: 0.5}
--- !u!222 &1544722649011911380
CanvasRenderer:
  m_ObjectHideFlags: 0
  m_CorrespondingSourceObject: {fileID: 0}
  m_PrefabInstance: {fileID: 0}
  m_PrefabAsset: {fileID: 0}
  m_GameObject: {fileID: 1544722649011911383}
  m_CullTransparentMesh: 1
--- !u!114 &1544722649011911381
MonoBehaviour:
  m_ObjectHideFlags: 0
  m_CorrespondingSourceObject: {fileID: 0}
  m_PrefabInstance: {fileID: 0}
  m_PrefabAsset: {fileID: 0}
  m_GameObject: {fileID: 1544722649011911383}
  m_Enabled: 1
  m_EditorHideFlags: 0
  m_Script: {fileID: 11500000, guid: f4688fdb7df04437aeb418b961361dc5, type: 3}
  m_Name: 
  m_EditorClassIdentifier: 
  m_Material: {fileID: 0}
  m_Color: {r: 1, g: 1, b: 1, a: 1}
  m_RaycastTarget: 1
  m_RaycastPadding: {x: 0, y: 0, z: 0, w: 0}
  m_Maskable: 1
  m_OnCullStateChanged:
    m_PersistentCalls:
      m_Calls: []
  m_text: 
  m_isRightToLeft: 0
  m_fontAsset: {fileID: 11400000, guid: 5302535af1044152a457ed104f1f4b91, type: 2}
  m_sharedMaterial: {fileID: 2164040, guid: 5302535af1044152a457ed104f1f4b91, type: 2}
  m_fontSharedMaterials: []
  m_fontMaterial: {fileID: 0}
  m_fontMaterials: []
  m_fontColor32:
    serializedVersion: 2
    rgba: 4281479730
  m_fontColor: {r: 0.19607843, g: 0.19607843, b: 0.19607843, a: 1}
  m_enableVertexGradient: 0
  m_colorMode: 3
  m_fontColorGradient:
    topLeft: {r: 1, g: 1, b: 1, a: 1}
    topRight: {r: 1, g: 1, b: 1, a: 1}
    bottomLeft: {r: 1, g: 1, b: 1, a: 1}
    bottomRight: {r: 1, g: 1, b: 1, a: 1}
  m_fontColorGradientPreset: {fileID: 0}
  m_spriteAsset: {fileID: 0}
  m_tintAllSprites: 0
  m_StyleSheet: {fileID: 0}
  m_TextStyleHashCode: -1183493901
  m_overrideHtmlColors: 0
  m_faceColor:
    serializedVersion: 2
    rgba: 4294967295
  m_fontSize: 40
  m_fontSizeBase: 40
  m_fontWeight: 400
  m_enableAutoSizing: 0
  m_fontSizeMin: 18
  m_fontSizeMax: 72
  m_fontStyle: 0
  m_HorizontalAlignment: 2
  m_VerticalAlignment: 512
  m_textAlignment: 65535
  m_characterSpacing: 0
  m_wordSpacing: 0
  m_lineSpacing: 0
  m_lineSpacingMax: 0
  m_paragraphSpacing: 0
  m_charWidthMaxAdj: 0
  m_enableWordWrapping: 1
  m_wordWrappingRatios: 0.4
  m_overflowMode: 0
  m_linkedTextComponent: {fileID: 0}
  parentLinkedComponent: {fileID: 0}
  m_enableKerning: 1
  m_enableExtraPadding: 0
  checkPaddingRequired: 0
  m_isRichText: 1
  m_parseCtrlCharacters: 1
  m_isOrthographic: 1
  m_isCullingEnabled: 0
  m_horizontalMapping: 0
  m_verticalMapping: 0
  m_uvLineOffset: 0
  m_geometrySortingOrder: 0
  m_IsTextObjectScaleStatic: 0
  m_VertexBufferAutoSizeReduction: 0
  m_useMaxVisibleDescender: 1
  m_pageToDisplay: 1
  m_margin: {x: 0, y: 0, z: 0, w: 0}
  m_isUsingLegacyAnimationComponent: 0
  m_isVolumetricText: 0
  m_hasFontAssetChanged: 0
  m_baseMaterial: {fileID: 0}
  m_maskOffset: {x: 0, y: 0, z: 0, w: 0}
--- !u!1 &1544722649437113603
GameObject:
  m_ObjectHideFlags: 0
  m_CorrespondingSourceObject: {fileID: 0}
  m_PrefabInstance: {fileID: 0}
  m_PrefabAsset: {fileID: 0}
  serializedVersion: 6
  m_Component:
  - component: {fileID: 1544722649437113602}
  m_Layer: 5
  m_Name: CloseButton
  m_TagString: Untagged
  m_Icon: {fileID: 0}
  m_NavMeshLayer: 0
  m_StaticEditorFlags: 0
  m_IsActive: 1
--- !u!224 &1544722649437113602
RectTransform:
  m_ObjectHideFlags: 0
  m_CorrespondingSourceObject: {fileID: 0}
  m_PrefabInstance: {fileID: 0}
  m_PrefabAsset: {fileID: 0}
  m_GameObject: {fileID: 1544722649437113603}
  m_LocalRotation: {x: -0, y: -0, z: -0, w: 1}
  m_LocalPosition: {x: 0, y: 0, z: 0}
  m_LocalScale: {x: 1, y: 1, z: 1}
  m_ConstrainProportionsScale: 0
  m_Children:
  - {fileID: 1544722650080805170}
  - {fileID: 1544722648807036908}
  - {fileID: 798118091681875494}
  m_Father: {fileID: 6385837253825903134}
  m_RootOrder: 0
  m_LocalEulerAnglesHint: {x: 0, y: 0, z: 0}
  m_AnchorMin: {x: 1, y: 1}
  m_AnchorMax: {x: 1, y: 1}
  m_AnchoredPosition: {x: -50, y: -50}
  m_SizeDelta: {x: 50, y: 50}
  m_Pivot: {x: 0.5, y: 0.5}
--- !u!1 &1544722650080805171
GameObject:
  m_ObjectHideFlags: 0
  m_CorrespondingSourceObject: {fileID: 0}
  m_PrefabInstance: {fileID: 0}
  m_PrefabAsset: {fileID: 0}
  serializedVersion: 6
  m_Component:
  - component: {fileID: 1544722650080805170}
  - component: {fileID: 1544722650080805183}
  - component: {fileID: 1544722650080805168}
  - component: {fileID: 1544722650080805169}
  m_Layer: 5
  m_Name: Shadow
  m_TagString: Untagged
  m_Icon: {fileID: 0}
  m_NavMeshLayer: 0
  m_StaticEditorFlags: 0
  m_IsActive: 1
--- !u!224 &1544722650080805170
RectTransform:
  m_ObjectHideFlags: 0
  m_CorrespondingSourceObject: {fileID: 0}
  m_PrefabInstance: {fileID: 0}
  m_PrefabAsset: {fileID: 0}
  m_GameObject: {fileID: 1544722650080805171}
  m_LocalRotation: {x: 0, y: 0, z: 0, w: 1}
  m_LocalPosition: {x: 0, y: 0, z: 0}
  m_LocalScale: {x: 1, y: 1, z: 1}
  m_ConstrainProportionsScale: 0
  m_Children: []
  m_Father: {fileID: 1544722649437113602}
  m_RootOrder: 0
  m_LocalEulerAnglesHint: {x: 0, y: 0, z: 0}
  m_AnchorMin: {x: 0, y: 0}
  m_AnchorMax: {x: 1, y: 1}
  m_AnchoredPosition: {x: 0, y: -5}
  m_SizeDelta: {x: 0, y: 0}
  m_Pivot: {x: 0.5, y: 0.5}
--- !u!222 &1544722650080805183
CanvasRenderer:
  m_ObjectHideFlags: 0
  m_CorrespondingSourceObject: {fileID: 0}
  m_PrefabInstance: {fileID: 0}
  m_PrefabAsset: {fileID: 0}
  m_GameObject: {fileID: 1544722650080805171}
  m_CullTransparentMesh: 1
--- !u!114 &1544722650080805168
MonoBehaviour:
  m_ObjectHideFlags: 0
  m_CorrespondingSourceObject: {fileID: 0}
  m_PrefabInstance: {fileID: 0}
  m_PrefabAsset: {fileID: 0}
  m_GameObject: {fileID: 1544722650080805171}
  m_Enabled: 0
  m_EditorHideFlags: 0
  m_Script: {fileID: 11500000, guid: fe87c0e1cc204ed48ad3b37840f39efc, type: 3}
  m_Name: 
  m_EditorClassIdentifier: 
  m_Material: {fileID: 0}
  m_Color: {r: 0.33962262, g: 0.33962262, b: 0.33962262, a: 0}
  m_RaycastTarget: 1
  m_RaycastPadding: {x: 0, y: 0, z: 0, w: 0}
  m_Maskable: 1
  m_OnCullStateChanged:
    m_PersistentCalls:
      m_Calls: []
  m_Sprite: {fileID: 0}
  m_Type: 0
  m_PreserveAspect: 0
  m_FillCenter: 1
  m_FillMethod: 4
  m_FillAmount: 1
  m_FillClockwise: 1
  m_FillOrigin: 0
  m_UseSpriteMesh: 0
  m_PixelsPerUnitMultiplier: 1
--- !u!114 &1544722650080805169
MonoBehaviour:
  m_ObjectHideFlags: 0
  m_CorrespondingSourceObject: {fileID: 0}
  m_PrefabInstance: {fileID: 0}
  m_PrefabAsset: {fileID: 0}
  m_GameObject: {fileID: 1544722650080805171}
  m_Enabled: 1
  m_EditorHideFlags: 0
  m_Script: {fileID: 11500000, guid: adb30198aa32dd140b5750692dd48104, type: 3}
  m_Name: 
  m_EditorClassIdentifier: 
  radius: 100
  image: {fileID: 1544722650080805168}
--- !u!1 &3332655842578766901
GameObject:
  m_ObjectHideFlags: 0
  m_CorrespondingSourceObject: {fileID: 0}
  m_PrefabInstance: {fileID: 0}
  m_PrefabAsset: {fileID: 0}
  serializedVersion: 6
  m_Component:
  - component: {fileID: 798118091681875494}
  - component: {fileID: 8571532450511825877}
  - component: {fileID: 2497895577393835007}
  - component: {fileID: 33433803165565443}
  m_Layer: 0
  m_Name: cancel_Icon
  m_TagString: Untagged
  m_Icon: {fileID: 0}
  m_NavMeshLayer: 0
  m_StaticEditorFlags: 0
  m_IsActive: 1
--- !u!224 &798118091681875494
RectTransform:
  m_ObjectHideFlags: 0
  m_CorrespondingSourceObject: {fileID: 0}
  m_PrefabInstance: {fileID: 0}
  m_PrefabAsset: {fileID: 0}
  m_GameObject: {fileID: 3332655842578766901}
  m_LocalRotation: {x: 0, y: 0, z: 0, w: 1}
  m_LocalPosition: {x: 0, y: 0, z: 0}
  m_LocalScale: {x: 1, y: 1, z: 1}
  m_ConstrainProportionsScale: 0
  m_Children: []
  m_Father: {fileID: 1544722649437113602}
  m_RootOrder: 2
  m_LocalEulerAnglesHint: {x: 0, y: 0, z: 0}
  m_AnchorMin: {x: 0.5, y: 0.5}
  m_AnchorMax: {x: 0.5, y: 0.5}
  m_AnchoredPosition: {x: 0, y: 0}
  m_SizeDelta: {x: 40, y: 40}
  m_Pivot: {x: 0.5, y: 0.5}
--- !u!212 &8571532450511825877
SpriteRenderer:
  m_ObjectHideFlags: 0
  m_CorrespondingSourceObject: {fileID: 0}
  m_PrefabInstance: {fileID: 0}
  m_PrefabAsset: {fileID: 0}
  m_GameObject: {fileID: 3332655842578766901}
  m_Enabled: 0
  m_CastShadows: 0
  m_ReceiveShadows: 0
  m_DynamicOccludee: 1
  m_StaticShadowCaster: 0
  m_MotionVectors: 1
  m_LightProbeUsage: 1
  m_ReflectionProbeUsage: 1
  m_RayTracingMode: 0
  m_RayTraceProcedural: 0
  m_RenderingLayerMask: 1
  m_RendererPriority: 0
  m_Materials:
  - {fileID: 2100000, guid: 73ddb2958e9cd451c82f37c26efa5eb0, type: 2}
  m_StaticBatchInfo:
    firstSubMesh: 0
    subMeshCount: 0
  m_StaticBatchRoot: {fileID: 0}
  m_ProbeAnchor: {fileID: 0}
  m_LightProbeVolumeOverride: {fileID: 0}
  m_ScaleInLightmap: 1
  m_ReceiveGI: 1
  m_PreserveUVs: 0
  m_IgnoreNormalsForChartDetection: 0
  m_ImportantGI: 0
  m_StitchLightmapSeams: 1
  m_SelectedEditorRenderState: 0
  m_MinimumChartSize: 4
  m_AutoUVMaxDistance: 0.5
  m_AutoUVMaxAngle: 89
  m_LightmapParameters: {fileID: 0}
  m_SortingLayerID: 0
  m_SortingLayer: 0
  m_SortingOrder: 0
  m_Sprite: {fileID: 3286163911610860551, guid: aab60d05aad382c45b7ae8071eb34dc6, type: 3}
  m_Color: {r: 1, g: 1, b: 1, a: 1}
  m_FlipX: 0
  m_FlipY: 0
  m_DrawMode: 0
  m_Size: {x: 0.47996613, y: 0.47996613}
  m_AdaptiveModeThreshold: 0.5
  m_SpriteTileMode: 0
  m_WasSpriteAssigned: 1
  m_MaskInteraction: 0
  m_SpriteSortPoint: 0
--- !u!222 &2497895577393835007
CanvasRenderer:
  m_ObjectHideFlags: 0
  m_CorrespondingSourceObject: {fileID: 0}
  m_PrefabInstance: {fileID: 0}
  m_PrefabAsset: {fileID: 0}
  m_GameObject: {fileID: 3332655842578766901}
  m_CullTransparentMesh: 1
--- !u!114 &33433803165565443
MonoBehaviour:
  m_ObjectHideFlags: 0
  m_CorrespondingSourceObject: {fileID: 0}
  m_PrefabInstance: {fileID: 0}
  m_PrefabAsset: {fileID: 0}
  m_GameObject: {fileID: 3332655842578766901}
  m_Enabled: 1
  m_EditorHideFlags: 0
  m_Script: {fileID: 11500000, guid: fe87c0e1cc204ed48ad3b37840f39efc, type: 3}
  m_Name: 
  m_EditorClassIdentifier: 
  m_Material: {fileID: 2100000, guid: 8d66e65c66e29504199ed664979682cd, type: 2}
  m_Color: {r: 0.56078434, g: 0.56078434, b: 0.56078434, a: 1}
  m_RaycastTarget: 1
  m_RaycastPadding: {x: 0, y: 0, z: 0, w: 0}
  m_Maskable: 1
  m_OnCullStateChanged:
    m_PersistentCalls:
      m_Calls: []
  m_Sprite: {fileID: 3286163911610860551, guid: aab60d05aad382c45b7ae8071eb34dc6, type: 3}
  m_Type: 0
  m_PreserveAspect: 1
  m_FillCenter: 1
  m_FillMethod: 4
  m_FillAmount: 1
  m_FillClockwise: 1
  m_FillOrigin: 0
  m_UseSpriteMesh: 1
  m_PixelsPerUnitMultiplier: 1
--- !u!1 &6385837253825903133
GameObject:
  m_ObjectHideFlags: 0
  m_CorrespondingSourceObject: {fileID: 0}
  m_PrefabInstance: {fileID: 0}
  m_PrefabAsset: {fileID: 0}
  serializedVersion: 6
  m_Component:
  - component: {fileID: 6385837253825903134}
  - component: {fileID: 6385837253825903122}
  - component: {fileID: 6385837253825903121}
  - component: {fileID: 6385837253825903120}
  - component: {fileID: 6385837253825903123}
  - component: {fileID: 4350213017685508622}
  m_Layer: 5
  m_Name: MenuPopup
  m_TagString: Untagged
  m_Icon: {fileID: 0}
  m_NavMeshLayer: 0
  m_StaticEditorFlags: 0
  m_IsActive: 1
--- !u!224 &6385837253825903134
RectTransform:
  m_ObjectHideFlags: 0
  m_CorrespondingSourceObject: {fileID: 0}
  m_PrefabInstance: {fileID: 0}
  m_PrefabAsset: {fileID: 0}
  m_GameObject: {fileID: 6385837253825903133}
  m_LocalRotation: {x: 0, y: 0, z: 0, w: 1}
  m_LocalPosition: {x: 0, y: 0, z: 0}
  m_LocalScale: {x: 1, y: 1, z: 1}
  m_ConstrainProportionsScale: 0
  m_Children:
  - {fileID: 1544722649437113602}
  - {fileID: 1544722648685911113}
  - {fileID: 1544722649003780860}
  - {fileID: 1544722649633725906}
  m_Father: {fileID: 0}
  m_RootOrder: 0
  m_LocalEulerAnglesHint: {x: 0, y: 0, z: 0}
  m_AnchorMin: {x: 0.5, y: 0.5}
  m_AnchorMax: {x: 0.5, y: 0.5}
  m_AnchoredPosition: {x: 0, y: 0}
  m_SizeDelta: {x: 960, y: 560}
  m_Pivot: {x: 0.5, y: 0.5}
--- !u!222 &6385837253825903122
CanvasRenderer:
  m_ObjectHideFlags: 0
  m_CorrespondingSourceObject: {fileID: 0}
  m_PrefabInstance: {fileID: 0}
  m_PrefabAsset: {fileID: 0}
  m_GameObject: {fileID: 6385837253825903133}
  m_CullTransparentMesh: 1
--- !u!114 &6385837253825903121
MonoBehaviour:
  m_ObjectHideFlags: 0
  m_CorrespondingSourceObject: {fileID: 0}
  m_PrefabInstance: {fileID: 0}
  m_PrefabAsset: {fileID: 0}
  m_GameObject: {fileID: 6385837253825903133}
  m_Enabled: 1
  m_EditorHideFlags: 0
  m_Script: {fileID: 11500000, guid: fe87c0e1cc204ed48ad3b37840f39efc, type: 3}
  m_Name: 
  m_EditorClassIdentifier: 
  m_Material: {fileID: 0}
  m_Color: {r: 1, g: 1, b: 1, a: 1}
  m_RaycastTarget: 1
  m_RaycastPadding: {x: 0, y: 0, z: 0, w: 0}
  m_Maskable: 1
  m_OnCullStateChanged:
    m_PersistentCalls:
      m_Calls: []
  m_Sprite: {fileID: 0}
  m_Type: 0
  m_PreserveAspect: 0
  m_FillCenter: 1
  m_FillMethod: 4
  m_FillAmount: 1
  m_FillClockwise: 1
  m_FillOrigin: 0
  m_UseSpriteMesh: 0
  m_PixelsPerUnitMultiplier: 1
--- !u!114 &6385837253825903120
MonoBehaviour:
  m_ObjectHideFlags: 0
  m_CorrespondingSourceObject: {fileID: 0}
  m_PrefabInstance: {fileID: 0}
  m_PrefabAsset: {fileID: 0}
  m_GameObject: {fileID: 6385837253825903133}
  m_Enabled: 1
  m_EditorHideFlags: 0
  m_Script: {fileID: 11500000, guid: adb30198aa32dd140b5750692dd48104, type: 3}
  m_Name: 
  m_EditorClassIdentifier: 
  radius: 80
  image: {fileID: 6385837253825903121}
--- !u!225 &6385837253825903123
CanvasGroup:
  m_ObjectHideFlags: 0
  m_CorrespondingSourceObject: {fileID: 0}
  m_PrefabInstance: {fileID: 0}
  m_PrefabAsset: {fileID: 0}
  m_GameObject: {fileID: 6385837253825903133}
  m_Enabled: 1
  m_Alpha: 1
  m_Interactable: 1
  m_BlocksRaycasts: 1
  m_IgnoreParentGroups: 0
--- !u!114 &4350213017685508622
MonoBehaviour:
  m_ObjectHideFlags: 0
  m_CorrespondingSourceObject: {fileID: 0}
  m_PrefabInstance: {fileID: 0}
  m_PrefabAsset: {fileID: 0}
  m_GameObject: {fileID: 6385837253825903133}
  m_Enabled: 1
  m_EditorHideFlags: 0
  m_Script: {fileID: 11500000, guid: 17e15962c62be2d46904b059d3cdaae2, type: 3}
  m_Name: 
  m_EditorClassIdentifier: 
  _confirmPopup: {fileID: 0}
--- !u!1001 &6385837253777071971
PrefabInstance:
  m_ObjectHideFlags: 0
  serializedVersion: 2
  m_Modification:
    m_TransformParent: {fileID: 6385837253825903134}
    m_Modifications:
    - target: {fileID: 5616261648312694013, guid: b55ceb4a8039e644bb19b37ad80d318e, type: 3}
      propertyPath: m_text
      value: "\u043F\u043E\u0434\u0435\u043B\u0438\u0442\u044C\u0441\u044F"
      objectReference: {fileID: 0}
    - target: {fileID: 5616261648312694013, guid: b55ceb4a8039e644bb19b37ad80d318e, type: 3}
      propertyPath: m_fontStyle
      value: 16
      objectReference: {fileID: 0}
    - target: {fileID: 5616261648822698794, guid: b55ceb4a8039e644bb19b37ad80d318e, type: 3}
      propertyPath: m_Pivot.x
      value: 0.5
      objectReference: {fileID: 0}
    - target: {fileID: 5616261648822698794, guid: b55ceb4a8039e644bb19b37ad80d318e, type: 3}
      propertyPath: m_Pivot.y
      value: 0.5
      objectReference: {fileID: 0}
    - target: {fileID: 5616261648822698794, guid: b55ceb4a8039e644bb19b37ad80d318e, type: 3}
      propertyPath: m_RootOrder
      value: 1
      objectReference: {fileID: 0}
    - target: {fileID: 5616261648822698794, guid: b55ceb4a8039e644bb19b37ad80d318e, type: 3}
      propertyPath: m_AnchorMax.x
      value: 0.5
      objectReference: {fileID: 0}
    - target: {fileID: 5616261648822698794, guid: b55ceb4a8039e644bb19b37ad80d318e, type: 3}
      propertyPath: m_AnchorMax.y
      value: 0.5
      objectReference: {fileID: 0}
    - target: {fileID: 5616261648822698794, guid: b55ceb4a8039e644bb19b37ad80d318e, type: 3}
      propertyPath: m_AnchorMin.x
      value: 0.5
      objectReference: {fileID: 0}
    - target: {fileID: 5616261648822698794, guid: b55ceb4a8039e644bb19b37ad80d318e, type: 3}
      propertyPath: m_AnchorMin.y
      value: 0.5
      objectReference: {fileID: 0}
    - target: {fileID: 5616261648822698794, guid: b55ceb4a8039e644bb19b37ad80d318e, type: 3}
      propertyPath: m_SizeDelta.x
      value: 740
      objectReference: {fileID: 0}
    - target: {fileID: 5616261648822698794, guid: b55ceb4a8039e644bb19b37ad80d318e, type: 3}
      propertyPath: m_SizeDelta.y
      value: 100
      objectReference: {fileID: 0}
    - target: {fileID: 5616261648822698794, guid: b55ceb4a8039e644bb19b37ad80d318e, type: 3}
      propertyPath: m_LocalPosition.x
      value: 0
      objectReference: {fileID: 0}
    - target: {fileID: 5616261648822698794, guid: b55ceb4a8039e644bb19b37ad80d318e, type: 3}
      propertyPath: m_LocalPosition.y
      value: 0
      objectReference: {fileID: 0}
    - target: {fileID: 5616261648822698794, guid: b55ceb4a8039e644bb19b37ad80d318e, type: 3}
      propertyPath: m_LocalPosition.z
      value: 0
      objectReference: {fileID: 0}
    - target: {fileID: 5616261648822698794, guid: b55ceb4a8039e644bb19b37ad80d318e, type: 3}
      propertyPath: m_LocalRotation.w
      value: 1
      objectReference: {fileID: 0}
    - target: {fileID: 5616261648822698794, guid: b55ceb4a8039e644bb19b37ad80d318e, type: 3}
      propertyPath: m_LocalRotation.x
      value: 0
      objectReference: {fileID: 0}
    - target: {fileID: 5616261648822698794, guid: b55ceb4a8039e644bb19b37ad80d318e, type: 3}
      propertyPath: m_LocalRotation.y
      value: 0
      objectReference: {fileID: 0}
    - target: {fileID: 5616261648822698794, guid: b55ceb4a8039e644bb19b37ad80d318e, type: 3}
      propertyPath: m_LocalRotation.z
      value: 0
      objectReference: {fileID: 0}
    - target: {fileID: 5616261648822698794, guid: b55ceb4a8039e644bb19b37ad80d318e, type: 3}
      propertyPath: m_AnchoredPosition.x
      value: 0
      objectReference: {fileID: 0}
    - target: {fileID: 5616261648822698794, guid: b55ceb4a8039e644bb19b37ad80d318e, type: 3}
      propertyPath: m_AnchoredPosition.y
      value: 120
      objectReference: {fileID: 0}
    - target: {fileID: 5616261648822698794, guid: b55ceb4a8039e644bb19b37ad80d318e, type: 3}
      propertyPath: m_LocalEulerAnglesHint.x
      value: 0
      objectReference: {fileID: 0}
    - target: {fileID: 5616261648822698794, guid: b55ceb4a8039e644bb19b37ad80d318e, type: 3}
      propertyPath: m_LocalEulerAnglesHint.y
      value: 0
      objectReference: {fileID: 0}
    - target: {fileID: 5616261648822698794, guid: b55ceb4a8039e644bb19b37ad80d318e, type: 3}
      propertyPath: m_LocalEulerAnglesHint.z
      value: 0
      objectReference: {fileID: 0}
    - target: {fileID: 5616261648822698795, guid: b55ceb4a8039e644bb19b37ad80d318e, type: 3}
      propertyPath: m_Name
      value: ShareButton
      objectReference: {fileID: 0}
    - target: {fileID: 5616261649182611904, guid: b55ceb4a8039e644bb19b37ad80d318e, type: 3}
      propertyPath: radius
      value: 100
      objectReference: {fileID: 0}
    - target: {fileID: 5616261649182611906, guid: b55ceb4a8039e644bb19b37ad80d318e, type: 3}
      propertyPath: m_Material
      value: 
      objectReference: {fileID: 0}
    - target: {fileID: 5616261649382510360, guid: b55ceb4a8039e644bb19b37ad80d318e, type: 3}
      propertyPath: m_Color.a
      value: 0.5882353
      objectReference: {fileID: 0}
    - target: {fileID: 5616261649382510360, guid: b55ceb4a8039e644bb19b37ad80d318e, type: 3}
      propertyPath: m_Material
      value: 
      objectReference: {fileID: 0}
    - target: {fileID: 5616261649382510361, guid: b55ceb4a8039e644bb19b37ad80d318e, type: 3}
      propertyPath: radius
      value: 100
      objectReference: {fileID: 0}
    - target: {fileID: 5616261649382510362, guid: b55ceb4a8039e644bb19b37ad80d318e, type: 3}
      propertyPath: m_SizeDelta.x
      value: -50
      objectReference: {fileID: 0}
    - target: {fileID: 5616261649382510362, guid: b55ceb4a8039e644bb19b37ad80d318e, type: 3}
      propertyPath: m_SizeDelta.y
      value: 15
      objectReference: {fileID: 0}
    - target: {fileID: 5616261649382510362, guid: b55ceb4a8039e644bb19b37ad80d318e, type: 3}
      propertyPath: m_AnchoredPosition.x
      value: 0
      objectReference: {fileID: 0}
    - target: {fileID: 5616261649382510362, guid: b55ceb4a8039e644bb19b37ad80d318e, type: 3}
      propertyPath: m_AnchoredPosition.y
      value: -17.5
      objectReference: {fileID: 0}
    m_RemovedComponents: []
  m_SourcePrefab: {fileID: 100100000, guid: b55ceb4a8039e644bb19b37ad80d318e, type: 3}
--- !u!224 &1544722648685911113 stripped
RectTransform:
  m_CorrespondingSourceObject: {fileID: 5616261648822698794, guid: b55ceb4a8039e644bb19b37ad80d318e, type: 3}
  m_PrefabInstance: {fileID: 6385837253777071971}
  m_PrefabAsset: {fileID: 0}
--- !u!1001 &6385837254532983254
PrefabInstance:
  m_ObjectHideFlags: 0
  serializedVersion: 2
  m_Modification:
    m_TransformParent: {fileID: 6385837253825903134}
    m_Modifications:
    - target: {fileID: 5616261648312694013, guid: b55ceb4a8039e644bb19b37ad80d318e, type: 3}
      propertyPath: m_text
      value: "\u0441\u043E\u0445\u0440\u0430\u043D\u0438\u0442\u044C"
      objectReference: {fileID: 0}
    - target: {fileID: 5616261648312694013, guid: b55ceb4a8039e644bb19b37ad80d318e, type: 3}
      propertyPath: m_fontStyle
      value: 16
      objectReference: {fileID: 0}
    - target: {fileID: 5616261648822698794, guid: b55ceb4a8039e644bb19b37ad80d318e, type: 3}
      propertyPath: m_Pivot.x
      value: 0.5
      objectReference: {fileID: 0}
    - target: {fileID: 5616261648822698794, guid: b55ceb4a8039e644bb19b37ad80d318e, type: 3}
      propertyPath: m_Pivot.y
      value: 0.5
      objectReference: {fileID: 0}
    - target: {fileID: 5616261648822698794, guid: b55ceb4a8039e644bb19b37ad80d318e, type: 3}
      propertyPath: m_RootOrder
      value: 2
      objectReference: {fileID: 0}
    - target: {fileID: 5616261648822698794, guid: b55ceb4a8039e644bb19b37ad80d318e, type: 3}
      propertyPath: m_AnchorMax.x
      value: 0.5
      objectReference: {fileID: 0}
    - target: {fileID: 5616261648822698794, guid: b55ceb4a8039e644bb19b37ad80d318e, type: 3}
      propertyPath: m_AnchorMax.y
      value: 0.5
      objectReference: {fileID: 0}
    - target: {fileID: 5616261648822698794, guid: b55ceb4a8039e644bb19b37ad80d318e, type: 3}
      propertyPath: m_AnchorMin.x
      value: 0.5
      objectReference: {fileID: 0}
    - target: {fileID: 5616261648822698794, guid: b55ceb4a8039e644bb19b37ad80d318e, type: 3}
      propertyPath: m_AnchorMin.y
      value: 0.5
      objectReference: {fileID: 0}
    - target: {fileID: 5616261648822698794, guid: b55ceb4a8039e644bb19b37ad80d318e, type: 3}
      propertyPath: m_SizeDelta.x
      value: 740
      objectReference: {fileID: 0}
    - target: {fileID: 5616261648822698794, guid: b55ceb4a8039e644bb19b37ad80d318e, type: 3}
      propertyPath: m_SizeDelta.y
      value: 100
      objectReference: {fileID: 0}
    - target: {fileID: 5616261648822698794, guid: b55ceb4a8039e644bb19b37ad80d318e, type: 3}
      propertyPath: m_LocalPosition.x
      value: 0
      objectReference: {fileID: 0}
    - target: {fileID: 5616261648822698794, guid: b55ceb4a8039e644bb19b37ad80d318e, type: 3}
      propertyPath: m_LocalPosition.y
      value: 0
      objectReference: {fileID: 0}
    - target: {fileID: 5616261648822698794, guid: b55ceb4a8039e644bb19b37ad80d318e, type: 3}
      propertyPath: m_LocalPosition.z
      value: 0
      objectReference: {fileID: 0}
    - target: {fileID: 5616261648822698794, guid: b55ceb4a8039e644bb19b37ad80d318e, type: 3}
      propertyPath: m_LocalRotation.w
      value: 1
      objectReference: {fileID: 0}
    - target: {fileID: 5616261648822698794, guid: b55ceb4a8039e644bb19b37ad80d318e, type: 3}
      propertyPath: m_LocalRotation.x
      value: 0
      objectReference: {fileID: 0}
    - target: {fileID: 5616261648822698794, guid: b55ceb4a8039e644bb19b37ad80d318e, type: 3}
      propertyPath: m_LocalRotation.y
      value: 0
      objectReference: {fileID: 0}
    - target: {fileID: 5616261648822698794, guid: b55ceb4a8039e644bb19b37ad80d318e, type: 3}
      propertyPath: m_LocalRotation.z
      value: 0
      objectReference: {fileID: 0}
    - target: {fileID: 5616261648822698794, guid: b55ceb4a8039e644bb19b37ad80d318e, type: 3}
      propertyPath: m_AnchoredPosition.x
      value: 0
      objectReference: {fileID: 0}
    - target: {fileID: 5616261648822698794, guid: b55ceb4a8039e644bb19b37ad80d318e, type: 3}
      propertyPath: m_AnchoredPosition.y
      value: 0
      objectReference: {fileID: 0}
    - target: {fileID: 5616261648822698794, guid: b55ceb4a8039e644bb19b37ad80d318e, type: 3}
      propertyPath: m_LocalEulerAnglesHint.x
      value: 0
      objectReference: {fileID: 0}
    - target: {fileID: 5616261648822698794, guid: b55ceb4a8039e644bb19b37ad80d318e, type: 3}
      propertyPath: m_LocalEulerAnglesHint.y
      value: 0
      objectReference: {fileID: 0}
    - target: {fileID: 5616261648822698794, guid: b55ceb4a8039e644bb19b37ad80d318e, type: 3}
      propertyPath: m_LocalEulerAnglesHint.z
      value: 0
      objectReference: {fileID: 0}
    - target: {fileID: 5616261648822698795, guid: b55ceb4a8039e644bb19b37ad80d318e, type: 3}
      propertyPath: m_Name
      value: SaveButton
      objectReference: {fileID: 0}
    - target: {fileID: 5616261649182611904, guid: b55ceb4a8039e644bb19b37ad80d318e, type: 3}
      propertyPath: radius
      value: 100
      objectReference: {fileID: 0}
    - target: {fileID: 5616261649182611906, guid: b55ceb4a8039e644bb19b37ad80d318e, type: 3}
      propertyPath: m_Material
      value: 
      objectReference: {fileID: 0}
    - target: {fileID: 5616261649382510360, guid: b55ceb4a8039e644bb19b37ad80d318e, type: 3}
      propertyPath: m_Color.a
      value: 0.5882353
      objectReference: {fileID: 0}
    - target: {fileID: 5616261649382510360, guid: b55ceb4a8039e644bb19b37ad80d318e, type: 3}
      propertyPath: m_Material
      value: 
      objectReference: {fileID: 0}
    - target: {fileID: 5616261649382510361, guid: b55ceb4a8039e644bb19b37ad80d318e, type: 3}
      propertyPath: radius
      value: 100
      objectReference: {fileID: 0}
    - target: {fileID: 5616261649382510362, guid: b55ceb4a8039e644bb19b37ad80d318e, type: 3}
      propertyPath: m_SizeDelta.x
      value: -50
      objectReference: {fileID: 0}
    - target: {fileID: 5616261649382510362, guid: b55ceb4a8039e644bb19b37ad80d318e, type: 3}
      propertyPath: m_SizeDelta.y
      value: 15
      objectReference: {fileID: 0}
    - target: {fileID: 5616261649382510362, guid: b55ceb4a8039e644bb19b37ad80d318e, type: 3}
      propertyPath: m_AnchoredPosition.x
      value: 0
      objectReference: {fileID: 0}
    - target: {fileID: 5616261649382510362, guid: b55ceb4a8039e644bb19b37ad80d318e, type: 3}
      propertyPath: m_AnchoredPosition.y
      value: -17.5
      objectReference: {fileID: 0}
    m_RemovedComponents: []
  m_SourcePrefab: {fileID: 100100000, guid: b55ceb4a8039e644bb19b37ad80d318e, type: 3}
--- !u!224 &1544722649003780860 stripped
RectTransform:
  m_CorrespondingSourceObject: {fileID: 5616261648822698794, guid: b55ceb4a8039e644bb19b37ad80d318e, type: 3}
  m_PrefabInstance: {fileID: 6385837254532983254}
  m_PrefabAsset: {fileID: 0}
--- !u!1001 &6385837254976282360
PrefabInstance:
  m_ObjectHideFlags: 0
  serializedVersion: 2
  m_Modification:
    m_TransformParent: {fileID: 6385837253825903134}
    m_Modifications:
    - target: {fileID: 5616261648312694013, guid: b55ceb4a8039e644bb19b37ad80d318e, type: 3}
      propertyPath: m_text
      value: "\u0432\u044B\u0439\u0442\u0438 \u0438\u0437 \u043F\u0440\u043E\u0435\u043A\u0442\u0430"
      objectReference: {fileID: 0}
    - target: {fileID: 5616261648312694013, guid: b55ceb4a8039e644bb19b37ad80d318e, type: 3}
      propertyPath: m_fontStyle
      value: 16
      objectReference: {fileID: 0}
    - target: {fileID: 5616261648822698794, guid: b55ceb4a8039e644bb19b37ad80d318e, type: 3}
      propertyPath: m_Pivot.x
      value: 0.5
      objectReference: {fileID: 0}
    - target: {fileID: 5616261648822698794, guid: b55ceb4a8039e644bb19b37ad80d318e, type: 3}
      propertyPath: m_Pivot.y
      value: 0.5
      objectReference: {fileID: 0}
    - target: {fileID: 5616261648822698794, guid: b55ceb4a8039e644bb19b37ad80d318e, type: 3}
      propertyPath: m_RootOrder
      value: 3
      objectReference: {fileID: 0}
    - target: {fileID: 5616261648822698794, guid: b55ceb4a8039e644bb19b37ad80d318e, type: 3}
      propertyPath: m_AnchorMax.x
      value: 0.5
      objectReference: {fileID: 0}
    - target: {fileID: 5616261648822698794, guid: b55ceb4a8039e644bb19b37ad80d318e, type: 3}
      propertyPath: m_AnchorMax.y
      value: 0.5
      objectReference: {fileID: 0}
    - target: {fileID: 5616261648822698794, guid: b55ceb4a8039e644bb19b37ad80d318e, type: 3}
      propertyPath: m_AnchorMin.x
      value: 0.5
      objectReference: {fileID: 0}
    - target: {fileID: 5616261648822698794, guid: b55ceb4a8039e644bb19b37ad80d318e, type: 3}
      propertyPath: m_AnchorMin.y
      value: 0.5
      objectReference: {fileID: 0}
    - target: {fileID: 5616261648822698794, guid: b55ceb4a8039e644bb19b37ad80d318e, type: 3}
      propertyPath: m_SizeDelta.x
      value: 740
      objectReference: {fileID: 0}
    - target: {fileID: 5616261648822698794, guid: b55ceb4a8039e644bb19b37ad80d318e, type: 3}
      propertyPath: m_SizeDelta.y
      value: 100
      objectReference: {fileID: 0}
    - target: {fileID: 5616261648822698794, guid: b55ceb4a8039e644bb19b37ad80d318e, type: 3}
      propertyPath: m_LocalPosition.x
      value: 0
      objectReference: {fileID: 0}
    - target: {fileID: 5616261648822698794, guid: b55ceb4a8039e644bb19b37ad80d318e, type: 3}
      propertyPath: m_LocalPosition.y
      value: 0
      objectReference: {fileID: 0}
    - target: {fileID: 5616261648822698794, guid: b55ceb4a8039e644bb19b37ad80d318e, type: 3}
      propertyPath: m_LocalPosition.z
      value: 0
      objectReference: {fileID: 0}
    - target: {fileID: 5616261648822698794, guid: b55ceb4a8039e644bb19b37ad80d318e, type: 3}
      propertyPath: m_LocalRotation.w
      value: 1
      objectReference: {fileID: 0}
    - target: {fileID: 5616261648822698794, guid: b55ceb4a8039e644bb19b37ad80d318e, type: 3}
      propertyPath: m_LocalRotation.x
      value: 0
      objectReference: {fileID: 0}
    - target: {fileID: 5616261648822698794, guid: b55ceb4a8039e644bb19b37ad80d318e, type: 3}
      propertyPath: m_LocalRotation.y
      value: 0
      objectReference: {fileID: 0}
    - target: {fileID: 5616261648822698794, guid: b55ceb4a8039e644bb19b37ad80d318e, type: 3}
      propertyPath: m_LocalRotation.z
      value: 0
      objectReference: {fileID: 0}
    - target: {fileID: 5616261648822698794, guid: b55ceb4a8039e644bb19b37ad80d318e, type: 3}
      propertyPath: m_AnchoredPosition.x
      value: 0
      objectReference: {fileID: 0}
    - target: {fileID: 5616261648822698794, guid: b55ceb4a8039e644bb19b37ad80d318e, type: 3}
      propertyPath: m_AnchoredPosition.y
      value: -120
      objectReference: {fileID: 0}
    - target: {fileID: 5616261648822698794, guid: b55ceb4a8039e644bb19b37ad80d318e, type: 3}
      propertyPath: m_LocalEulerAnglesHint.x
      value: 0
      objectReference: {fileID: 0}
    - target: {fileID: 5616261648822698794, guid: b55ceb4a8039e644bb19b37ad80d318e, type: 3}
      propertyPath: m_LocalEulerAnglesHint.y
      value: 0
      objectReference: {fileID: 0}
    - target: {fileID: 5616261648822698794, guid: b55ceb4a8039e644bb19b37ad80d318e, type: 3}
      propertyPath: m_LocalEulerAnglesHint.z
      value: 0
      objectReference: {fileID: 0}
    - target: {fileID: 5616261648822698795, guid: b55ceb4a8039e644bb19b37ad80d318e, type: 3}
      propertyPath: m_Name
      value: ExitButton
      objectReference: {fileID: 0}
    - target: {fileID: 5616261649182611904, guid: b55ceb4a8039e644bb19b37ad80d318e, type: 3}
      propertyPath: radius
      value: 100
      objectReference: {fileID: 0}
    - target: {fileID: 5616261649182611906, guid: b55ceb4a8039e644bb19b37ad80d318e, type: 3}
      propertyPath: m_Material
      value: 
      objectReference: {fileID: 0}
    - target: {fileID: 5616261649382510360, guid: b55ceb4a8039e644bb19b37ad80d318e, type: 3}
      propertyPath: m_Color.a
      value: 0.5882353
      objectReference: {fileID: 0}
    - target: {fileID: 5616261649382510360, guid: b55ceb4a8039e644bb19b37ad80d318e, type: 3}
      propertyPath: m_Material
      value: 
      objectReference: {fileID: 0}
    - target: {fileID: 5616261649382510361, guid: b55ceb4a8039e644bb19b37ad80d318e, type: 3}
      propertyPath: radius
      value: 100
      objectReference: {fileID: 0}
    - target: {fileID: 5616261649382510362, guid: b55ceb4a8039e644bb19b37ad80d318e, type: 3}
      propertyPath: m_SizeDelta.x
      value: -50
      objectReference: {fileID: 0}
    - target: {fileID: 5616261649382510362, guid: b55ceb4a8039e644bb19b37ad80d318e, type: 3}
      propertyPath: m_SizeDelta.y
      value: 15
      objectReference: {fileID: 0}
    - target: {fileID: 5616261649382510362, guid: b55ceb4a8039e644bb19b37ad80d318e, type: 3}
      propertyPath: m_AnchoredPosition.x
      value: 0
      objectReference: {fileID: 0}
    - target: {fileID: 5616261649382510362, guid: b55ceb4a8039e644bb19b37ad80d318e, type: 3}
      propertyPath: m_AnchoredPosition.y
      value: -17.5
      objectReference: {fileID: 0}
    m_RemovedComponents: []
  m_SourcePrefab: {fileID: 100100000, guid: b55ceb4a8039e644bb19b37ad80d318e, type: 3}
--- !u!224 &1544722649633725906 stripped
RectTransform:
  m_CorrespondingSourceObject: {fileID: 5616261648822698794, guid: b55ceb4a8039e644bb19b37ad80d318e, type: 3}
  m_PrefabInstance: {fileID: 6385837254976282360}
  m_PrefabAsset: {fileID: 0}
